<?xml version="1.0" encoding="UTF-8"?><collection xmlns="http://www.loc.gov/MARC21/slim"><record><leader>00549nam--2200169-i-4500</leader><controlfield tag="001">000008639</controlfield><controlfield tag="002">20161230</controlfield><controlfield tag="005">20161230201027</controlfield><controlfield tag="008">060222s1000------------r-----000-0-eng-d</controlfield><datafield ind1=" " ind2=" " tag="040"><subfield code="a">IFIN-HH</subfield></datafield><datafield ind1=" " ind2=" " tag="080"><subfield code="a">537.591</subfield></datafield><datafield ind1="1" ind2=" " tag="100"><subfield code="a">Beery, Ronald Wilbur</subfield></datafield><datafield ind1="1" ind2="0" tag="245"><subfield code="a">An experimental measurement of cosmic ray muon scattering by aluminium, in the momentum region of 1.60 bev/c</subfield><subfield code="b">Dissertation</subfield><subfield code="c">Ronald wilbur beery</subfield></datafield><datafield ind1=" " ind2=" " tag="260"><subfield code="a">Ann Arbor</subfield><subfield code="b">University Microfilms, Inc</subfield><subfield code="c">1966</subfield></datafield><datafield ind1=" " ind2=" " tag="300"><subfield code="a">VI + 157 P</subfield></datafield><datafield ind1=" " ind2=" " tag="852"><subfield code="a">29339</subfield><subfield code="c">539.13</subfield></datafield><datafield ind1=" " ind2=" " tag="CAT"><subfield code="a">Sys</subfield><subfield code="c">20120223</subfield><subfield code="h">161933</subfield></datafield></record></collection>